@book{10.5555/1214993,
author = {Jurafsky, Daniel and Martin, James H.},
title = {Speech and Language Processing (2nd Edition)},
year = {2009},
isbn = {0131873210},
publisher = {Prentice-Hall, Inc.},
address = {USA}
}

@article{mikolov2013distributed,
  title={Distributed representations of words and phrases and their compositionality},
  author={Mikolov, Tomas and Sutskever, Ilya and Chen, Kai and Corrado, Greg S and Dean, Jeff},
  journal={Advances in neural information processing systems},
  volume={26},
  year={2013}
}

@article{vaswani2017attention,
  title={Attention is all you need},
  author={Vaswani, Ashish and Shazeer, Noam and Parmar, Niki and Uszkoreit, Jakob and Jones, Llion and Gomez, Aidan N and Kaiser, {\L}ukasz and Polosukhin, Illia},
  journal={Advances in neural information processing systems},
  volume={30},
  year={2017}
}

@article{arts2021natural,
  title={Natural language processing to identify the creation and impact of new technologies in patent text: Code, data, and new measures},
  author={Arts, Sam and Hou, Jianan and Gomez, Juan Carlos},
  journal={Research Policy},
  volume={50},
  number={2},
  pages={104144},
  year={2021},
  publisher={Elsevier}
}

@book{national2013frontiers,
  title={Frontiers in massive data analysis},
  author={National Research Council and others},
  year={2013},
  publisher={National Academies Press}
}

@article{ioannidis2005most,
  title={Why most published research findings are false},
  author={Ioannidis, John PA},
  journal={PLoS medicine},
  volume={2},
  number={8},
  pages={e124},
  year={2005},
  publisher={Public Library of Science}
}

@article{rong2014word2vec,
  title={word2vec parameter learning explained},
  author={Rong, Xin},
  journal={arXiv preprint arXiv:1411.2738},
  year={2014}
}

@article{choudhury2019machine,
  title={Machine learning approaches to facial and text analysis: Discovering CEO oral communication styles},
  author={Choudhury, Prithwiraj and Wang, Dan and Carlson, Natalie A and Khanna, Tarun},
  journal={Strategic Management Journal},
  volume={40},
  number={11},
  pages={1705--1732},
  year={2019},
  publisher={Wiley Online Library}
}