@book{christensen2013disruptive,
  title={Disruptive innovation},
  author={Christensen, Clay and Raynor, Michael E and McDonald, Rory},
  year={2013},
  publisher={Harvard Business Review}
}

@article{greenwade93,
    author  = "George D. Greenwade",
    title   = "The {C}omprehensive {T}ex {A}rchive {N}etwork ({CTAN})",
    year    = "1993",
    journal = "TUGBoat",
    volume  = "14",
    number  = "3",
    pages   = "342--351"
}